@article{biau2019accelerated,
    title     = {Accelerated gradient boosting},
    author    = {Biau, G{\'e}rard and Cadre, Beno{\^\i}t and Rouv{\`\i}{\`e}re, Laurent},
    journal   = {Machine Learning},
    volume    = {108},
    number    = {6},
    pages     = {971--992},
    year      = {2019},
    publisher = {Springer}
}

@inproceedings{lu2020accelerating,
    title        = {Accelerating gradient boosting machines},
    author       = {Lu, Haihao and Karimireddy, Sai Praneeth and Ponomareva, Natalia and Mirrokni, Vahab},
    booktitle    = {International Conference on Artificial Intelligence and Statistics},
    pages        = {516--526},
    year         = {2020},
    organization = {PMLR}
}

@article{buhlmann2003boosting,
    title     = {Boosting with the {L}2 loss: regression and classification},
    author    = {B{\"u}hlmann, Peter and Yu, Bin},
    journal   = {Journal of the American Statistical Association},
    volume    = {98},
    number    = {462},
    pages     = {324--339},
    year      = {2003},
    publisher = {Taylor \& Francis}
}

@article{buhlmann2007boosting,
    title     = {Boosting algorithms: Regularization, prediction and model fitting},
    author    = {B{\"u}hlmann, Peter and Hothorn, Torsten and others},
    journal   = {Statistical science},
    volume    = {22},
    number    = {4},
    pages     = {477--505},
    year      = {2007},
    publisher = {Institute of Mathematical Statistics}
}

@article{schalk2022accelerated,
    author    = {Daniel Schalk and Bernd Bischl and David R{\"u}gamer},
    title     = {Accelerated Componentwise Gradient Boosting using Efficient Data Representation and Momentum-based Optimization},
    journal   = {Journal of Computational and Graphical Statistics},
    volume    = {0},
    number    = {ja},
    pages     = {1-27},
    year      = {2022},
    publisher = {Taylor \& Francis},
    doi       = {10.1080/10618600.2022.2116446},
    url       = {https://doi.org/10.1080/10618600.2022.2116446},
    eprint    = {https://doi.org/10.1080/10618600.2022.2116446},
}

@article{lang2014multilevel,
    title      = {Multilevel structured additive regression},
    author     = {Lang, Stefan and Umlauf, Nikolaus and Wechselberger, Peter and Harttgen, Kenneth and Kneib, Thomas},
    journal    = {Statistics and Computing},
    volume     = {24},
    number     = {2},
    pages      = {223--238},
    year       = {2014},
    publisher  = {Springer}
}

@article{wood2017gigadata,
    author    = {Simon N. Wood and Zheyuan Li and Gavin Shaddick and Nicole H. Augustin},
    title     = {Generalized Additive Models for Gigadata: Modeling the U.K. Black Smoke Network Daily Data},
    journal   = {Journal of the American Statistical Association},
    volume    = {112},
    number    = {519},
    pages     = {1199-1210},
    year      = {2017},
    publisher = {Taylor & Francis},
    doi       = {10.1080/01621459.2016.1195744},
    URL       = {https://doi.org/10.1080/01621459.2016.1195744},
    eprint    = {https://doi.org/10.1080/01621459.2016.1195744}
}

@article{li2020faster,
    title     = {Faster model matrix crossproducts for large generalized linear models with discretized covariates},
    author    = {Li, Zheyuan and Wood, Simon N},
    journal   = {Statistics and Computing},
    volume    = {30},
    number    = {1},
    pages     = {19--25},
    year      = {2020},
    publisher = {Springer}
}

